<collection xmlns="http://www.loc.gov/MARC21/slim"><record><leader>00858nam  2200253   450</leader><controlfield tag="001">383</controlfield><controlfield tag="003">http://montalegre.opacnet.com/OPAC/default.aspx?ContentAreaControl=ShowRegHoldings.ascx&amp;RegNo=16662</controlfield><datafield tag="021" ind1=" " ind2=" "><subfield code="a">PT</subfield><subfield code="b">21819</subfield></datafield><datafield tag="095" ind1=" " ind2=" "><subfield code="a">PTBN00027820</subfield></datafield><datafield tag="100" ind1=" " ind2=" "><subfield code="a">19840101d1983    m  y0pora010305  ba</subfield></datafield><datafield tag="101" ind1="1" ind2=" "><subfield code="a">por</subfield><subfield code="c">eng</subfield></datafield><datafield tag="102" ind1=" " ind2=" "><subfield code="a">PT</subfield></datafield><datafield tag="200" ind1="1" ind2=" "><subfield code="a">&lt;A &gt;amante do tenente francês</subfield><subfield code="f">John Fowles</subfield><subfield code="g">trad. Paula Vitória Silva</subfield></datafield><datafield tag="205" ind1=" " ind2=" "><subfield code="a">2ª ed</subfield></datafield><datafield tag="210" ind1=" " ind2=" "><subfield code="a">Lisboa</subfield><subfield code="c">Presença</subfield><subfield code="d">imp. 1988</subfield></datafield><datafield tag="215" ind1=" " ind2=" "><subfield code="a">357 p.</subfield><subfield code="d">23 cm</subfield></datafield><datafield tag="225" ind1="2" ind2=" "><subfield code="a">Novos continentes</subfield><subfield code="v">1</subfield></datafield><datafield tag="304" ind1=" " ind2=" "><subfield code="a">Tít. orig. The French lieutenant"s woman</subfield></datafield><datafield tag="454" ind1=" " ind2="0"><subfield code="a">:The :french lieutenant's woman</subfield><subfield code="f">John Fowles</subfield><subfield code="y">0-330-29811-9</subfield></datafield><datafield tag="675" ind1=" " ind2=" "><subfield code="a">820-31</subfield><subfield code="v">BN</subfield><subfield code="z">por</subfield></datafield><datafield tag="700" ind1=" " ind2="1"><subfield code="a">Fowles</subfield><subfield code="b">John</subfield><subfield code="f">1926-</subfield></datafield><datafield tag="702" ind1=" " ind2="1"><subfield code="a">Silva</subfield><subfield code="b">Paula Vitória</subfield><subfield code="4">730</subfield></datafield><datafield tag="801" ind1=" " ind2="0"><subfield code="a">PT</subfield><subfield code="b">Biblioteca Municipal de Montalegre</subfield><subfield code="g">RPC</subfield></datafield><datafield tag="856" ind1=" " ind2=" "><subfield code="u">locateMedia.asp?cod=20060515154348&amp;ext=jpg</subfield><subfield code="z">CAPA</subfield></datafield><datafield tag="909" ind1="&#9;" ind2=" "><subfield code="a">1</subfield></datafield><datafield tag="966" ind1=" " ind2=" "><subfield code="a">0008474</subfield><subfield code="l">BMM</subfield><subfield code="s">SCG 821 FOW ama 1</subfield></datafield></record></collection>